<?xml version="1.0" encoding="UTF-8"?><collection xmlns="http://www.loc.gov/MARC21/slim"><record><leader>00366nam--2200133-i-4500</leader><controlfield tag="001">000008959</controlfield><controlfield tag="002">20161230</controlfield><controlfield tag="005">20161230201028</controlfield><controlfield tag="008">060222s1000------------r-----000-0-eng-d</controlfield><datafield ind1=" " ind2=" " tag="080"><subfield code="a">681.3</subfield></datafield><datafield ind1=" " ind2=" " tag="100"><subfield code="a">Bennion, David R., Crane, Hewitt, D.And Nitzan David</subfield></datafield><datafield ind1=" " ind2=" " tag="245"><subfield code="a">Digital magnetic logic</subfield></datafield><datafield ind1=" " ind2=" " tag="260"><subfield code="a">New York, Mcgraw-hill Book Co., 1969. Xi + 267 P</subfield></datafield><datafield ind1=" " ind2=" " tag="852"><subfield code="a">31250</subfield></datafield></record></collection>